<record><leader>00000cas a22000007a 4500</leader><controlfield tag="001">15345490</controlfield><controlfield tag="008">870319c19879999inuwr ne      0    0eng d</controlfield><datafield ind1=" " ind2=" " tag="010"><subfield code="a">sn 87055694 </subfield></datafield><datafield ind1=" " ind2=" " tag="040"><subfield code="a">NPI</subfield><subfield code="b">eng</subfield><subfield code="c">NPI</subfield><subfield code="d">OCLCQ</subfield></datafield><datafield ind1=" " ind2=" " tag="042"><subfield code="a">msc</subfield></datafield><datafield ind1="0" ind2="4" tag="245"><subfield code="a">The Spencer County journal-Democrat.</subfield></datafield><datafield ind1="3" ind2="0" tag="246"><subfield code="a">Journal-Democrat</subfield></datafield><datafield ind1=" " ind2=" " tag="260"><subfield code="a">Rockport, Ind. :</subfield><subfield code="b">News Pub. Co.,</subfield><subfield code="c">1987-</subfield></datafield><datafield ind1=" " ind2=" " tag="310"><subfield code="a">Weekly</subfield></datafield><datafield ind1="0" ind2=" " tag="362"><subfield code="a">Vol. 132, no. 3 (Mar. 5, 1987)-</subfield></datafield><datafield ind1=" " ind2=" " tag="752"><subfield code="a">United States</subfield><subfield code="b">Indiana</subfield><subfield code="c">Spencer</subfield><subfield code="d">Rockport.</subfield></datafield><datafield ind1="0" ind2="0" tag="780"><subfield code="t">Journal &amp; Democrat</subfield><subfield code="w">(DLC)sn 86058954</subfield></datafield></record>